<collection xmlns="http://www.loc.gov/MARC21/slim"><record><leader>00817nam  2200241   450</leader><controlfield tag="001">819</controlfield><controlfield tag="003">http://montalegre.opacnet.com/OPAC/default.aspx?ContentAreaControl=ShowRegHoldings.ascx&amp;RegNo=16662</controlfield><controlfield tag="005">20</controlfield><datafield tag="100" ind1=" " ind2=" "><subfield code="a">20140404d1974    m  y0pora010305  ba</subfield></datafield><datafield tag="101" ind1="1" ind2=" "><subfield code="a">por</subfield></datafield><datafield tag="102" ind1=" " ind2=" "><subfield code="a">PT</subfield></datafield><datafield tag="200" ind1="1" ind2=" "><subfield code="a">Aforismos</subfield><subfield code="f">Geor Christoph Lichtenberg</subfield><subfield code="g">trad.: João da Fonseca Amaral</subfield></datafield><datafield tag="210" ind1=" " ind2=" "><subfield code="a">Lisboa</subfield><subfield code="c">Estampa</subfield><subfield code="d">1974</subfield></datafield><datafield tag="215" ind1=" " ind2=" "><subfield code="a">111, [6] p.</subfield><subfield code="d">19 cm</subfield></datafield><datafield tag="225" ind1="2" ind2=" "><subfield code="a">Livro B</subfield><subfield code="v">22</subfield></datafield><datafield tag="304" ind1=" " ind2=" "><subfield code="a">Tít. ori.: Aphorismes</subfield></datafield><datafield tag="608" ind1=" " ind2=" "><subfield code="a">Máximas</subfield><subfield code="2">Autoridade</subfield><subfield code="3">PT9999-00-10-2009040123590005452</subfield></datafield><datafield tag="675" ind1=" " ind2=" "><subfield code="a">82-84</subfield></datafield><datafield tag="700" ind1=" " ind2="1"><subfield code="a">Lichtenberg</subfield><subfield code="b">Geor Christoph</subfield></datafield><datafield tag="702" ind1=" " ind2="1"><subfield code="a">Amaral</subfield><subfield code="b">João da Fonseca</subfield><subfield code="4">730</subfield></datafield><datafield tag="801" ind1=" " ind2="0"><subfield code="a">PT</subfield><subfield code="b">Biblioteca Municipal de Montalegre</subfield><subfield code="g">RPC</subfield></datafield><datafield tag="856" ind1=" " ind2=" "><subfield code="u">locateMedia.asp?cod=20060622165014&amp;ext=jpg</subfield><subfield code="z">CAPA</subfield></datafield><datafield tag="909" ind1="&#9;" ind2=" "><subfield code="a">2</subfield></datafield><datafield tag="966" ind1=" " ind2=" "><subfield code="a">0008950</subfield><subfield code="l">BMM</subfield><subfield code="s">SCG 82-84 LIC afo</subfield></datafield><datafield tag="966" ind1=" " ind2=" "><subfield code="a">0008951</subfield><subfield code="l">BMM</subfield><subfield code="s">SCG 82-84 LIC afo 22</subfield></datafield></record></collection>